@book{RingsAndModules,
  author          = {Patakfalvi, Zsolt},
  title           = {MATH-311: Rings and Modules},
  series          = {Lecture Notes},
  publisher       = {École Polytechnique Fédérale de Lausanne},
  date            = {2023-09-20}
}

@book{RingsAndModules,
  author          = {Skorobogatov, Alexei},
  title           = {MP463: Algebra IV},
  series          = {Lecture Notes},
  publisher       = {Imperial College London},
  month           = {Autumn},
  year            = {2017}
}